<record><leader>00000cas a22000007a 4500</leader><controlfield tag="001">11168109</controlfield><controlfield tag="008">840918d19371938nyudn ne      0    0eng d</controlfield><datafield ind1=" " ind2=" " tag="010"><subfield code="a">sn 84031089 </subfield></datafield><datafield ind1=" " ind2=" " tag="040"><subfield code="a">NYG</subfield><subfield code="b">eng</subfield><subfield code="c">NYG</subfield><subfield code="d">NYS</subfield><subfield code="d">OCLCQ</subfield><subfield code="d">OCLCF</subfield><subfield code="d">OCLCO</subfield></datafield><datafield ind1="1" ind2=" " tag="029"><subfield code="a">AU@</subfield><subfield code="b">000020528044</subfield></datafield><datafield ind1=" " ind2=" " tag="042"><subfield code="a">msc</subfield></datafield><datafield ind1="0" ind2="0" tag="245"><subfield code="a">Suffolk island news.</subfield></datafield><datafield ind1=" " ind2=" " tag="260"><subfield code="a">Patchogue, N.Y. :</subfield><subfield code="b">Tri-County Pub. Corp.,</subfield><subfield code="c">1937-1938</subfield></datafield><datafield ind1=" " ind2=" " tag="300"><subfield code="a">v.</subfield></datafield><datafield ind1=" " ind2=" " tag="310"><subfield code="a">Daily (except Saturday and Sunday)</subfield></datafield><datafield ind1="0" ind2=" " tag="362"><subfield code="a">July 26, 1937-</subfield></datafield><datafield ind1="1" ind2=" " tag="362"><subfield code="a">Ceased Aug. 26, 1938?</subfield></datafield><datafield ind1=" " ind2=" " tag="580"><subfield code="a">Published as a section of: the Brooklyn daily eagle.</subfield></datafield><datafield ind1=" " ind2="0" tag="651"><subfield code="a">Patchogue (N.Y.)</subfield><subfield code="v">Newspapers.</subfield></datafield><datafield ind1=" " ind2="0" tag="651"><subfield code="a">Suffolk County (N.Y.)</subfield><subfield code="v">Newspapers.</subfield></datafield><datafield ind1=" " ind2="7" tag="655"><subfield code="a">Newspapers.</subfield><subfield code="2">fast</subfield><subfield code="0">(OCoLC)fst01423814</subfield></datafield><datafield ind1=" " ind2="7" tag="651"><subfield code="a">New York (State)</subfield><subfield code="z">Patchogue.</subfield><subfield code="2">fast</subfield><subfield code="0">(OCoLC)fst01221273</subfield></datafield><datafield ind1=" " ind2="7" tag="651"><subfield code="a">New York (State)</subfield><subfield code="z">Suffolk County.</subfield><subfield code="2">fast</subfield><subfield code="0">(OCoLC)fst01207260</subfield></datafield><datafield ind1=" " ind2=" " tag="752"><subfield code="a">United States</subfield><subfield code="b">New York</subfield><subfield code="c">Suffolk</subfield><subfield code="d">Patchogue.</subfield></datafield><datafield ind1="1" ind2=" " tag="777"><subfield code="t">Brooklyn daily eagle</subfield><subfield code="w">(DLC)sn 83031151</subfield></datafield><datafield ind1="0" ind2="0" tag="780"><subfield code="t">Suffolk daily island news</subfield><subfield code="w">(DLC)sn 84031090</subfield></datafield><datafield ind1="0" ind2="0" tag="785"><subfield code="t">Long Island news Suffolk Nassau Queens</subfield><subfield code="w">(DLC)sn 97063614</subfield><subfield code="w">(OCoLC)36149706</subfield></datafield></record>